{1:F01BANK DANAMON}{2:GODREJ}{4:
:20:210720
:25:003546508833
:28C:00567
:60F:C210720IDR001998640722
:61:210720C000001685532NMSCS1ACIB95422418                          
:86:PRIMA TRF  BCA 422418 S1ACIB95 KLIKBCA IND\\ \
:61:210720C000002300000NCHK
:86:7170030400010058 GR 417844
:62F:C210720IDR002002626254
-}


