{1:F01BANK DANAMON}{2:GODREJ}{4:
:20:210718
:25:003546508833
:28C:00565
:60F:C210718IDR000912045806
:61:210718C000010136408NMSCS1ACIB95521792                          
:86:PRIMA TRF  BCA 521792 S1ACIB95 KLIKBCA IND\\ \
:61:210718C000020000000NCHK
:86:Setor PDC/PDC Deposit INDEX
:61:210718C000016135600NCHK
:86:7170020200020018
:61:210718C000009250000NCHK
:86:Setor PDC/PDC Deposit INDEX
:61:210718C000008075990NCHK
:86:7170020200020017
:61:210718C000005038000NCHK
:86:7170030400010024
:61:210718C000010865500NCHK
:86:7170020200020009
:61:210718C000015074000NCHK
:86:Setor PDC/PDC Deposit BCA
:61:210718C000021477900NCHK
:86:7170020200020009
:61:210718C000031684000NCHK
:86:717020200020013
:61:210718C000029605000NCHK
:86:7170020200010074
:61:210718C000038322600NCHK
:86:7170020200010084
:62F:C210718IDR001127710804
-}


