{1:F01BANK DANAMON}{2:GODREJ}{4:
:20:210719
:25:003546508833
:28C:00566
:60F:C210719IDR001127710804
:61:210719C000017747651NMSCACMB9503407049                          
:86:ALTO TRF 62809 BCA 407049 ACMB9503 M-BCA\\ \          021
:61:210719C000000777594NMSCOI360008752927                          
:86:PRIMA TRF  MANDIRI 752927 OI360008 PLAZA MANDIRI\\JAKARTA\             IDN
:61:210719C000010437000NMSCSKN0_20210719000739227959               
:86:Switching COD ACF-C21044318 STR_SKN_GODREJ DISTRIBU_CIMB NIAGA
:61:210719C000014450800NMSCSKN0_20210719000739227974               
:86:Switching COD ACF-C21044309 TGR_SKN_GODREJ DISTRIBU_CIMB NIAGA
:61:210719C000011411350NMSCSKN0_20210719000739227960               
:86:Switching COD ACF-C21044310 GP_SKN_GODREJ DISTRIBU_CIMB NIAGA
:61:210719C000000500000NMSCSKN0_20210719000739227125               
:86:Keamanan lingkungan Juli 2021 A2104 4192_SKN_GODREJ DISTRIBU_CIMB NIAGA
:61:210719C000110067804NMSCSKN0_20210719000739201003               
:86:PV/DSY/2107/0150 FK/IXD/21000574|94 8842 2021071412337_SKN_DUTA SENTOSA YA_CIMB NIAGA
:61:210719C000003820740NMSCSKN0_20210719000739168781               
:86:7170030500030005 FK/IKI/210007240100/PO-IF/TA/V/21_SKN_ANNISA MARDATIL_BCA
:61:210719C000000025000NTRF
:86:BR: BKS IT 16/07/21
:61:210719C000005020911NTRF
:86:BR: BKS GT 16/07/21
:61:210719C000000100130NTRF
:86:BR: BKS  COD LLP 16/07/21
:61:210719C000000000564NTRF
:86:BR: BKS IT 17/07/21
:61:210719C000001396456NTRF
:86:BR: BKS GT 17/07/21
:61:210719C000000061023NTRF
:86:BR: BKS COD LLP 17/07/21
:61:210719C000001346004NTRF3955                                    
:86:GPITE 160721.
:61:210719C000026332501NTRF3955                                    
:86:GPGTE 160721.
:61:210719C000011580842NTRF3955                                    
:86:GPMTE 160721.
:61:210719C000035798855NTRF3955                                    
:86:BG GTE 160721.
:61:210719C000014848428NTRF3955                                    
:86:BG GTE 150721.
:61:210719C000002061300NTRF3955                                    
:86:PENJ CN GP 160721.
:61:210719C000032457881NTRF3955                                    
:86:GPGTE 150721 COD.
:61:210719C000000099909NTRF3955                                    
:86:GPGTE 150721 LLP.
:61:210719C000023667963NTRF3955                                    
:86:GPGTE 150721.
:61:210719D000000002000NCHG
:86:CHEQUE DEPOSIT FEE
:61:210719C000004546122NCHK1                                       
:86:SET_KLR_BTPN
:61:210719D000000002000NCHG
:86:CHEQUE DEPOSIT FEE
:61:210719C000001453000NCHK1                                       
:86:SET_KLR_BCA
:61:210719C000005391200NCHK1                                       
:86:SET_KLR_BCA
:61:210719D000000002000NCHG
:86:CHEQUE DEPOSIT FEE
:61:210719C000002011416NCHK1                                       
:86:SET_KLR_BCA
:61:210719D000000002000NCHG
:86:CHEQUE DEPOSIT FEE
:61:210719D000000002000NCHG
:86:CHEQUE DEPOSIT FEE
:61:210719C000001355079NCHK1                                       
:86:SET_KLR_BANKBUMIARTA
:61:210719D000000002000NCHG
:86:CHEQUE DEPOSIT FEE
:61:210719C000007422462NCHK1                                       
:86:SET_KLR_BNI
:61:210719C000010788624NMSCSKN0_20210719000739426718               
:86:7170030500040001 FAKTUR 21000772, 21000699, 21000840_SKN_PT TIRTA GRACIA_BCA
:61:210719C000003419592NMSCOI360008857414                          
:86:PRIMA TRF  MANDIRI 857414 OI360008 PLAZA MANDIRI\\JAKARTA\             IDN
:61:210719D000001355079NCHK1                                       
:86:SET_KLR_BANKBUMIARTA
:61:210719C000000002000NCHG
:86:CHEQUE DEPOSIT FEE
:61:210719D000000002000NCHG
:86:CHEQUE DEPOSIT FEE
:61:210719C000001355079NCHK1                                       
:86:SET_KLR_BANKBUMIARTA
:61:210719D000000002000NTRF
:86:BIAYA KLIRING GR417844
:61:210719C002800000000NTRF2107199881157000                        
:86:PB DNM RD-DNM KONV
:61:210719C002300000000NTRF2107199881168000                        
:86:PB DNM SBY-DNM KNV
:61:210719D001700000000NTRF2107199881208000                        
:86:PB DNM KNV-SCB GDI PCM30680772720
:61:210719D000000008000NCHG
:86:FEE FUND TRANSFER E CHANNEL
:61:210719D003900000000NTRF2107199881220000                        
:86:PB DNM KONV-CIMB AP GDI PCM800055699000
:61:210719D000000008000NCHG
:86:FEE FUND TRANSFER E CHANNEL
:61:210719C000006505950NMSC86566857017422                          
:86:7170010100040008 BERS TRF PERMATA 017422 86566857 RAJU                  RAJU         JKTID
:61:210719C000007461531NMSC86566857017438                          
:86:7170010100040008 BERS TRF PERMATA 017438 86566857 RAJU                  RAJU         JKTID
:61:210719C000004357584NMSC86566857017444                          
:86:7170010100040008 BERS TRF PERMATA 017444 86566857 RAJU                  RAJU         JKTID
:61:210719C000007760500NMSC86566857017489                          
:86:7170010100040008 BERS TRF PERMATA 017489 86566857 RAJU                  RAJU         JKTID
:61:210719C000046174238NMSCSKN0_20210719000739591018               
:86:7170010100040008 PSS-0719100594175_SKN_JD.id_PERMATA
:61:210719C000187756932NMSCSKN0_20210719000739591013               
:86:7170010100040008 PSS-0719100594178_SKN_JD.id_PERMATA
:61:210719C000194934977NMSCSKN0_20210719000739579146               
:86:7170010100020012 Payment from PT. Swalayan Sukses Abad_SKN_SWALAYAN SUKSES_GANESHA
:61:210719C000007154900NMSCSKN0_20210719000739570644               
:86:7170010100010049 PH21/70953_SKN_KREANOVA PHARMA_BCA
:61:210719C000031472518NMSCSKN0_20210719000739602968               
:86:7170020200020010 JAKARTA SELATAN 20210719538654910_SKN_PERINTIS PELAYA_CIMB NIAGA
:61:210719C000001660194NMSCSKN0_20210719000739638588               
:86:7170010100020022 89671-P              GY48020581-ID-5._SKN_GELAEL SUPERMAR_MANDIRI
:61:210719C000019717174NMSCSKN0_20210719000739638625               
:86:7170010100020022 89667-P              GY48020630-MT-5._SKN_GELAEL SUPERMAR_MANDIRI
:61:210719C000149987200NMSCSKN0_20210719000739618850               
:86:7170010100040000 Payment190721_SKN_GLOBAL DIGITAL _DBS
:61:210719C000191390231NMSCSKN0_20210719000739634737               
:86:_SKN_PT MULTI INDOMA_BANK MAS
:61:210719C000003258139NMSCOM360002486533                          
:86:7170030300050003 PRIMA TRF BRI 486533 OM360002 NEW BRI MOBILE        JAKARTA      JKTID
:61:210719C000001854000NCHGG4S001CDM2107191500050                  
:86:7829110699010011_CCM
:61:210719C000000514000NCHGG4S001CDM2107191500051                  
:86:7829110699010005_CCM
:61:210719C000001217000NCHGG4S001CDM2107191500069                  
:86:7827110199010033_CCM
:61:210719C000003910000NCHGG4S001CDM2107191600001                  
:86:7827110199010009_CCM
:61:210719C000000735000NCHGG4S001CDM2107191600002                  
:86:7827110199010037_CCM
:61:210719C000005857000NCHGG4S001CDM2107191600008                  
:86:7827110199010010_CCM
:61:210719C000001450000NCHGG4S001CDM2107191600019                  
:86:7829110699010005_CCM
:61:210719C000001659000NCHGG4S001CDM2107191600020                  
:86:7827110199010007_CCM
:61:210719C000000857000NCHGG4S001CDM2107191600021                  
:86:7827110199010012_CCM
:61:210719C000000572000NCHGG4S001CDM2107191600024                  
:86:7829110699010020_CCM
:61:210719C000005360000NCHGG4S001CDM2107191600026                  
:86:7827110199010027_CCM
:61:210719C000000250000NCHGG4S001CDM2107191600031                  
:86:7829110699010016_CCM
:61:210719C000002320000NCHGG4S001CDM2107191600032                  
:86:7827110199030038_CCM
:61:210719C000005435000NCHGG4S001CDM2107191600033                  
:86:7827110199010011_CCM
:61:210719C000006576000NCHGG4S001CDM2107191600035                  
:86:7829110699010014_CCM
:61:210719C000006199000NCHGG4S001CDM2107191600036                  
:86:7827110199010025_CCM
:61:210719C000005410000NCHGG4S001CDM2107191600038                  
:86:7827110199010012_CCM
:61:210719C000005292000NCHGG4S001CDM2107191600042                  
:86:7829110699010022_CCM
:61:210719C000002000000NCHGG4S001CDM2107191600044                  
:86:7829110699010024_CCM
:61:210719C000003105000NCHGG4S001CDM2107191600046                  
:86:7827110199010022_CCM
:61:210719C000000344648NMSCOI360536302497                          
:86:PRIMA TRF  BCAS 302497 OI360536 KPO BCA SYARIAH\\JAKARTA\             IDN
:61:210719C000001507000NCHGG4S001CDM2107191600053                  
:86:7827110199030032_CCM
:61:210719C000046019000NCHGG4S001CDM2107191600055                  
:86:7827110199010021_CCM
:61:210719C000001829000NCHGG4S001CDM2107191600058                  
:86:7829110699010016_CCM
:61:210719C000002601000NCHGG4S001CDM2107191600061                  
:86:7827110199030031_CCM
:61:210719C000003429000NCHGG4S001CDM2107191600063                  
:86:7827110199030038_CCM
:61:210719C000001426000NCHGG4S001CDM2107191600067                  
:86:7829110699010009_CCM
:61:210719C000002442000NCHGG4S001CDM2107191600071                  
:86:7829110699010019_CCM
:61:210719C000000350000NCHGG4S001CDM2107191600123                  
:86:7827110199010033_CCM
:61:210719C000001460000NCHGG4S001CDM2107191600125                  
:86:7827110199010037_CCM
:61:210719C000003295000NCHGG4S001CDM2107191600144                  
:86:7829110699010017_CCM
:61:210719C000000673000NCHGG4S001CDM2107191600148                  
:86:7829110699010012_CCM
:61:210719C000002555000NCHGG4S001CDM2107191700025                  
:86:7829110699010016_CCM
:61:210719C000007053000NCHGG4S001CDM2107191700050                  
:86:7829110699010006_CCM
:61:210719C000002351000NCHGG4S001CDM2107191700053                  
:86:7829110699010021_CCM
:61:210719C000013063000NCHGG4S001CDM2107191800039                  
:86:7829110699010023_CCM
:62F:C210719IDR001998640722
-}


